@misc{fusegithub,
author = { Nikolaus Rath },
title = { FUSE: Filesystem in Userspace },
publisher = {Github},
howpublished = {\url{https://github.com/libfuse/libfuse} }
}

@inproceedings{vangoor2017fuse,
  title={To FUSE or Not to FUSE: Performance of User-Space File Systems.},
  author={Vangoor, Bharath Kumar Reddy and Tarasov, Vasily and Zadok, Erez},
  booktitle={FAST},
  pages={59--72},
  year={2017}
}

@inproceedings{10.1145/3341301.3359637,
author = {Dong, Mingkai and Bu, Heng and Yi, Jifei and Dong, Benchao and Chen, Haibo},
title = {Performance and Protection in the ZoFS User-Space NVM File System},
year = {2019},
isbn = {9781450368735},
publisher = {Association for Computing Machinery},
address = {New York, NY, USA},
url = {https://doi.org/10.1145/3341301.3359637},
doi = {10.1145/3341301.3359637},
booktitle = {Proceedings of the 27th ACM Symposium on Operating Systems Principles},
pages = {478–493},
numpages = {16},
keywords = {non-volatile memory, user-space file systems, memory protection keys},
location = {Huntsville, Ontario, Canada},
series = {SOSP ’19}
}
  
@inproceedings{wright2012ldplfs,
  title={LDPLFS: improving I/O performance without application modification},
  author={Wright, Steven A and Hammond, Simon D and Pennycook, Simon J and Miller, Iain and Herdman, John A and Jarvis, Stephen A},
  booktitle={Parallel and Distributed Processing Symposium Workshops \& PhD Forum (IPDPSW), 2012 IEEE 26th International},
  pages={1352--1359},
  year={2012},
  organization={IEEE}
}

@inproceedings {234870,
author = {Ashish Bijlani and Umakishore Ramachandran},
title = {Extension Framework for File Systems in User space},
booktitle = {2019 {USENIX} Annual Technical Conference ({USENIX} {ATC} 19)},
year = {2019},
isbn = {978-1-939133-03-8},
address = {Renton, WA},
pages = {121--134},
url = {https://www.usenix.org/conference/atc19/presentation/bijlani},
publisher = {{USENIX} Association},
month = jul,
}
