@inproceedings{zhang2019m,
  title={I'm Not Dead Yet! The Role of the Operating System in a Kernel-Bypass Era},
  author={Zhang, Irene and Liu, Jing and Austin, Amanda and Roberts, Michael Lowell and Badam, Anirudh},
  booktitle={Proceedings of the Workshop on Hot Topics in Operating Systems},
  pages={73--80},
  year={2019}
}

@inproceedings{nikolaev2020librettos,
  title={LibrettOS: a dynamically adaptable multiserver-library OS},
  author={Nikolaev, Ruslan and Sung, Mincheol and Ravindran, Binoy},
  booktitle={Proceedings of the 16th ACM SIGPLAN/SIGOPS International Conference on Virtual Execution Environments},
  pages={114--128},
  year={2020}
}

@inproceedings{ara2019use,
  title={On the use of kernel bypass mechanisms for high-performance inter-container communications},
  author={Ara, Gabriele and Abeni, Luca and Cucinotta, Tommaso and Vitucci, Carlo},
  booktitle={International Conference on High Performance Computing},
  pages={1--12},
  year={2019},
  organization={Springer}
}

@inproceedings{kaufmann2019tas,
  title={TAS: TCP acceleration as an OS service},
  author={Kaufmann, Antoine and Stamler, Tim and Peter, Simon and Sharma, Naveen Kr and Krishnamurthy, Arvind and Anderson, Thomas},
  booktitle={Proceedings of the Fourteenth EuroSys Conference 2019},
  pages={1--16},
  year={2019}
}

@techreport{hedayati2018janus,
  title={Janus: Intra-process isolation for high-throughput data plane libraries},
  author={Hedayati, Mohammad and Gravani, Spyridoula and Johnson, Ethan and Criswell, John and Scott, Michael and Shen, Kai and Marty, Mike},
  year={2018},
  institution={Technical Report UR CSD/1004}
}

@article{primorac2017measure,
  title={How to measure the killer microsecond},
  author={Primorac, Mia and Bugnion, Edouard and Argyraki, Katerina},
  journal={ACM SIGCOMM Computer Communication Review},
  volume={47},
  number={5},
  pages={61--66},
  year={2017},
  publisher={ACM New York, NY, USA}
}

@inproceedings{hedayati2019hodor,
  title={Hodor: Intra-process isolation for high-throughput data plane libraries},
  author={Hedayati, Mohammad and Gravani, Spyridoula and Johnson, Ethan and Criswell, John and Scott, Michael L and Shen, Kai and Marty, Mike},
  booktitle={2019 $\{$USENIX$\}$ Annual Technical Conference ($\{$USENIX$\}$$\{$ATC$\}$ 19)},
  pages={489--504},
  year={2019}
}

@inproceedings{pirelli2018formally,
  title={A formally verified NAT stack},
  author={Pirelli, Solal and Zaostrovnykh, Arseniy and Candea, George},
  booktitle={Proceedings of the 2018 Afternoon Workshop on Kernel Bypassing Networks},
  pages={8--14},
  year={2018}
}

@misc{intel2014data,
  title={Data plane development kit},
  author={Intel, DPDK},
  year={2014}
}

@inproceedings{yang2017spdk,
  title={SPDK: A development kit to build high performance storage applications},
  author={Yang, Ziye and Harris, James R and Walker, Benjamin and Verkamp, Daniel and Liu, Changpeng and Chang, Cunyin and Cao, Gang and Stern, Jonathan and Verma, Vishal and Paul, Luse E},
  booktitle={2017 IEEE International Conference on Cloud Computing Technology and Science (CloudCom)},
  pages={154--161},
  year={2017},
  organization={IEEE}
}

